<?xml version="1.0" encoding="UTF-8"?><collection xmlns="http://www.loc.gov/MARC21/slim"><record><leader>00350nam--2200133-i-4500</leader><controlfield tag="001">000014934</controlfield><controlfield tag="002">20161230</controlfield><controlfield tag="005">20161230201031</controlfield><controlfield tag="008">060222s1000------------r-----000-0-eng-d</controlfield><datafield ind1=" " ind2=" " tag="080"><subfield code="a">621.375.826:778.4</subfield></datafield><datafield ind1=" " ind2=" " tag="100"><subfield code="a">Hegedus, Emeric., Bodo, Barna</subfield></datafield><datafield ind1=" " ind2=" " tag="245"><subfield code="a">De la desene simple la holografie</subfield></datafield><datafield ind1=" " ind2=" " tag="260"><subfield code="a">Timisoara, Ed.Facla, 1978. 171 P</subfield></datafield><datafield ind1=" " ind2=" " tag="852"><subfield code="a">76037</subfield></datafield></record></collection>